<?xml version="1.0" encoding="UTF-8"?><collection xmlns="http://www.loc.gov/MARC21/slim"><record><leader>00377nam--2200145-i-4500</leader><controlfield tag="001">000021388</controlfield><controlfield tag="002">20161230</controlfield><controlfield tag="005">20170127204105</controlfield><controlfield tag="008">060222s1000------------r-----000-0-eng-d</controlfield><datafield ind1=" " ind2=" " tag="080"><subfield code="a">728.2</subfield></datafield><datafield ind1=" " ind2=" " tag="245"><subfield code="a">Indrumator practic pentru reparatii curente la instalatiile cladirilor</subfield></datafield><datafield ind1=" " ind2=" " tag="260"><subfield code="a">Bucuresti</subfield><subfield code="b">Idt</subfield><subfield code="c">1954</subfield></datafield><datafield ind1=" " ind2=" " tag="300"><subfield code="a">100 p</subfield></datafield><datafield ind1=" " ind2=" " tag="852"><subfield code="a">26270</subfield></datafield><datafield ind1=" " ind2=" " tag="CAT"><subfield code="a">SYS</subfield><subfield code="c">20170127</subfield><subfield code="h">204105</subfield></datafield></record></collection>